<?xml version="1.0" encoding="UTF-8"?><collection xmlns="http://www.loc.gov/MARC21/slim"><record><leader>00501nam--2200193-u-4500</leader><controlfield tag="001">000053954</controlfield><controlfield tag="002">20161230</controlfield><controlfield tag="005">20161230201051</controlfield><controlfield tag="008">110726s1000------------r-----000-0-rus-d</controlfield><datafield ind1=" " ind2=" " tag="040"><subfield code="a">IFIN-HH</subfield></datafield><datafield ind1=" " ind2=" " tag="041"><subfield code="a">rus</subfield></datafield><datafield ind1=" " ind2=" " tag="080"><subfield code="a">537.311.33</subfield></datafield><datafield ind1="1" ind2=" " tag="100"><subfield code="a">Sklovskii, B.I</subfield></datafield><datafield ind1="1" ind2="0" tag="245"><subfield code="a">Elektronnie svoistva legirovannih poluprovodnikov</subfield><subfield code="c">B.i. sklovskii, a.l. efros</subfield></datafield><datafield ind1=" " ind2=" " tag="260"><subfield code="a">Moskva</subfield><subfield code="b">Nauka</subfield><subfield code="c">1979</subfield></datafield><datafield ind1=" " ind2=" " tag="300"><subfield code="a">416P</subfield></datafield><datafield ind1="1" ind2=" " tag="700"><subfield code="a">Efros, A.L</subfield></datafield><datafield ind1=" " ind2=" " tag="852"><subfield code="a">48574</subfield><subfield code="c">537.311.33</subfield></datafield><datafield ind1=" " ind2=" " tag="CAT"><subfield code="a">Sys</subfield><subfield code="c">20110726</subfield><subfield code="h">134006</subfield></datafield></record></collection>